@inproceedings{dietzfelbinger1996universal,
 author = {Dietzfelbinger, Martin},
 title = {Universal Hashing and k-Wise Independent Random Variables via Integer Arithmetic without Primes},
 booktitle = {Proc. 13th  Symp. on Theoretical Aspects of Computer Science},
 publisher = {Springer-Verlag, Berlin},
 seriesfake={STACS~'96},
 series = {LNCS 1046},
 month = {22--24 February},
 address = {Grenoble, France},
 year = {1996},
 isbn = {3-540-60922-9},
 pages = {569--580},
 numpages = {12},
 acmid = {695324}
} 

@article{Lemire2012604,
title = "The universality of iterated hashing over variable-length strings ",
journal = "Discrete Applied Mathematics ",
journalshort={Discrete Appl. Math.},
author="Daniel Lemire",
volume = "160",
number = "4â€“5",
pages = "604--617",
year = "2012",
issn = "0166-218X",
doi= "10.1016/j.dam.2011.11.009"}


@article{carter1979universal,
  title={Universal classes of hash functions},
  author={Carter, J. Lawrence and Wegman, Mark N.},
  journalshort={J. Comput. Syst. Sci.},
  journal={Journal of computer and system sciences},
  volume={18},
  number={2},
  pages={143--154},
  year={1979},
  publisher={Elsevier}
}

@Article{lemi:one-pass-journal,
  author =       "Daniel Lemire and Owen Kaser",
  title =        "Recursive $N$-gram Hashing is Pairwise Independent, at Best",
  journal =      "Computer Speech and Language",
  journalshort={Comput. Speech Lang.},
  year =         2010,
  volume =       24,
  number =       4,
  pages =        "698--710",
  month =        oct,
  doi ="10.1016/j.csl.2009.12.001"
}


@techreport{zobrist1970,
  title={A New Hashing Method With Application for Game Playing},
  author={Zobrist, Albert L.},
  institution={Computer Sciences Department, University of Wisconsin},
  number={88},
  note={\url{http://www.cs.wisc.edu/techreports/viewreport.php?report=88} [last checked June 2016]},  year={1970}
}

@article{zobrist1990new,
  title={A new hashing method with application for game playing},
  author={Zobrist, Albert L.},
  journal={ICCA Journal},
  volume={13},
  number={2},
  pages={69--73},
  year={1990}
}

@inproceedings{Thorup:2004:TBH:982792.982884,
 author = {Thorup, Mikkel and Zhang, Yin},
 title = {Tabulation Based 4-universal Hashing with Applications to Second Moment Estimation},
 booktitle = {Proceedings of the Fifteenth Annual ACM-SIAM Symposium on Discrete Algorithms},
 series = {SODA '04},
 year = {2004},
 isbn = {0-89871-558-X},
 location = {New Orleans, Louisiana},
 pages = {615--624},
 numpages = {10},
 url = {http://dl.acm.org.tlqprox.teluq.uquebec.ca/citation.cfm?id=982792.982884},
 acmid = {982884},
 publisher = {Society for Industrial and Applied Mathematics},
 address = {Philadelphia, PA, USA},
} 

@article{Patrascu:2012:PST:2220357.2220361,
 author = {P\v{a}tra\c{s}cu, Mihai and Thorup, Mikkel},
 title = {The Power of Simple Tabulation Hashing},
 journal = {J. ACM},
 issue_date = {June 2012},
 volume = {59},
 number = {3},
 month = jun,
 year = {2012},
 issn = {0004-5411},
 pages = {14:1--14:50},
 articleno = {14},
 numpages = {50},
 url = {http://doi.acm.org.tlqprox.teluq.uquebec.ca/10.1145/2220357.2220361},
 doi = {10.1145/2220357.2220361},
 acmid = {2220361},
 publisher = {ACM},
 address = {New York, NY, USA},
 keywords = {Hashing, tabulation},
} 


 @article{thorup2012tabulation,
  title={Tabulation-based 5-independent hashing with applications to linear probing and second moment estimation},
  author={Thorup, Mikkel and Zhang, Yin},
  journal={SIAM Journal on Computing},
  volume={41},
  number={2},
  pages={293--331},
  year={2012},
  publisher={SIAM}
}